<record><leader>00000cas a22000007a 4500</leader><controlfield tag="001">13223938</controlfield><controlfield tag="008">860303d19081924wiuwr ne      0    0eng d</controlfield><datafield ind1=" " ind2=" " tag="010"><subfield code="a">sn 86086339 </subfield></datafield><datafield ind1=" " ind2=" " tag="040"><subfield code="a">NPV</subfield><subfield code="b">eng</subfield><subfield code="c">NPV</subfield><subfield code="d">MN#</subfield><subfield code="d">OCLCQ</subfield><subfield code="d">OCLCF</subfield><subfield code="d">OCLCO</subfield></datafield><datafield ind1="1" ind2=" " tag="029"><subfield code="a">AU@</subfield><subfield code="b">000025827192</subfield></datafield><datafield ind1=" " ind2=" " tag="042"><subfield code="a">msc</subfield></datafield><datafield ind1=" " ind2=" " tag="043"><subfield code="a">n-us-wi</subfield></datafield><datafield ind1=" " ind2=" " tag="045"><subfield code="a">x0x2</subfield></datafield><datafield ind1=" " ind2=" " tag="052"><subfield code="a">4123</subfield><subfield code="b">S2</subfield></datafield><datafield ind1="0" ind2="0" tag="245"><subfield code="a">New Richmond news and republican-voice.</subfield></datafield><datafield ind1="1" ind2="3" tag="246"><subfield code="a">New Richmond news &amp; republican-voice</subfield></datafield><datafield ind1="1" ind2="3" tag="246"><subfield code="a">News and republican-voice</subfield></datafield><datafield ind1="1" ind2="3" tag="246"><subfield code="a">News &amp; republican-voice</subfield></datafield><datafield ind1="1" ind2="3" tag="246"><subfield code="a">Deer Park news</subfield></datafield><datafield ind1="1" ind2="3" tag="246"><subfield code="a">Somerset news</subfield></datafield><datafield ind1="1" ind2="3" tag="246"><subfield code="a">Star Prairie news</subfield></datafield><datafield ind1=" " ind2=" " tag="260"><subfield code="a">New Richmond, Wis. :</subfield><subfield code="b">Van Meter-Welch Printing,</subfield><subfield code="c">1908-1924.</subfield></datafield><datafield ind1=" " ind2=" " tag="300"><subfield code="a">18 v. :</subfield><subfield code="b">ill.</subfield></datafield><datafield ind1=" " ind2=" " tag="310"><subfield code="a">Weekly</subfield></datafield><datafield ind1=" " ind2=" " tag="321"><subfield code="a">Semiweekly,</subfield><subfield code="b">Jan. 1, 1908-Mar. 15, 1919</subfield></datafield><datafield ind1=" " ind2=" " tag="321"><subfield code="a">Triweekly,</subfield><subfield code="b">Mar. 18-Dec. 30, 1919</subfield></datafield><datafield ind1=" " ind2=" " tag="321"><subfield code="a">Semiweekly,</subfield><subfield code="b">Jan. 1, 1920-Jan. 31, 1923</subfield></datafield><datafield ind1="0" ind2=" " tag="362"><subfield code="a">Vol. 4, no. 43 (Jan. 1, 1908)-v. 4, no. 50 (Jan. 25, 1908) = v. 39, no. 28-v. 39, no. 35 ; v. 39, no. 38 (Jan. 29, 1908)-v. 55, no. 33 (May 1, 1924).</subfield></datafield><datafield ind1=" " ind2=" " tag="500"><subfield code="a">Publisher varies.</subfield></datafield><datafield ind1=" " ind2=" " tag="500"><subfield code="a">Added masthead: Deer Park news, Nov. 8, 1913-Nov. 1, 1916; "Issued under the auspices of the Deer Park Commercial Club;" editor: S. Hanson, May 19, 1915-Nov. 1, 1916.</subfield></datafield><datafield ind1=" " ind2=" " tag="500"><subfield code="a">Added masthead: Somerset news, April 17-June 5, 1915.</subfield></datafield><datafield ind1=" " ind2=" " tag="500"><subfield code="a">Added masthead: Star Prairie news, May 1-June 5, 1915; editor: C.B. Matthews.</subfield></datafield><datafield ind1=" " ind2=" " tag="500"><subfield code="a">Editors: F.M. Welch, Jan. 1, 1908-Oct. 15, 1915; F.A.R. Van Meter, March 17, 1917-May 1, 1924.</subfield></datafield><datafield ind1=" " ind2=" " tag="530"><subfield code="a">Available on microfilm from The State Historical Society of Wisconsin.</subfield></datafield><datafield ind1=" " ind2="0" tag="651"><subfield code="a">New Richmond (Wis.)</subfield><subfield code="v">Newspapers.</subfield></datafield><datafield ind1=" " ind2="7" tag="655"><subfield code="a">Newspapers.</subfield><subfield code="2">fast</subfield><subfield code="0">(OCoLC)fst01423814</subfield></datafield><datafield ind1=" " ind2="7" tag="651"><subfield code="a">Wisconsin</subfield><subfield code="z">New Richmond.</subfield><subfield code="2">fast</subfield><subfield code="0">(OCoLC)fst01222702</subfield></datafield><datafield ind1=" " ind2=" " tag="752"><subfield code="a">United States</subfield><subfield code="b">Wisconsin</subfield><subfield code="c">Saint Croix</subfield><subfield code="d">New Richmond.</subfield></datafield><datafield ind1="0" ind2="4" tag="780"><subfield code="t">New Richmond news</subfield></datafield><datafield ind1="0" ind2="4" tag="780"><subfield code="t">Republican-voice</subfield><subfield code="w">(DLC)sn 86086338</subfield></datafield><datafield ind1="0" ind2="0" tag="785"><subfield code="t">New Richmond news (New Richmond, Wis. : 1924)</subfield><subfield code="w">(DLC)sn 86086340</subfield></datafield></record>